@article{berthold2009knime,
  title={KNIME-the Konstanz information miner: version 2.0 and beyond},
  author={Berthold, Michael R and Cebron, Nicolas and Dill, Fabian and Gabriel, Thomas R and K{\"o}tter, Tobias and Meinl, Thorsten and Ohl, Peter and Thiel, Kilian and Wiswedel, Bernd},
  journal={AcM SIGKDD explorations Newsletter},
  volume={11},
  number={1},
  pages={26--31},
  year={2009},
  publisher={ACM New York, NY, USA}
}

@article{hunter2007matplotlib,
  title={Matplotlib: A 2D graphics environment},
  author={Hunter, John D},
  journal={Computing in science \& engineering},
  volume={9},
  number={03},
  pages={90--95},
  year={2007},
  publisher={IEEE Computer Society}
}

@article{fabian2011scikit,
  title={Scikit-learn: Machine learning in Python},
  author={Fabian, Pedregosa},
  journal={Journal of machine learning research 12},
  pages={2825},
  year={2011}
}

@online{plotly,
  author   = {Plotly Technologies Inc.},
  title    = {Collaborative data science},
  publisher = {Plotly Technologies Inc.},
  address  = {Montreal, QC},
  year     = {2015},
  url      = {https://plot.ly}
}